@Book{bib:Entry,
  Title                    = {The Amazing Book of Amazing Books},
  Author                   = {Several Authors, Another Author},
  Publisher                = {Amazing Publishers, Ltd.},
  Year                     = {2017},

  Address                  = {Dublin, Ireland},

  ISBN                     = {111-1-11111-111-7},
  Pages                    = {9001}
}

@Article{V1DGUV2013,
  author = {DGUV},
  title  = {Unfallverhütungsvorschrift Grundsätze der Prävention},
  year   = {2013},
  month  = nov,
  url    = {https://publikationen.dguv.de/widgets/pdf/download/article/2909},
}

@Comment{jabref-meta: databaseType:bibtex;}
